<record><leader>00000cas a22000007a 4500</leader><controlfield tag="001">9754394</controlfield><controlfield tag="008">830729d18uu1940nyuwr ne      0    0eng d</controlfield><datafield ind1=" " ind2=" " tag="010"><subfield code="a">sn 83031056 </subfield></datafield><datafield ind1=" " ind2=" " tag="040"><subfield code="a">NPU</subfield><subfield code="b">eng</subfield><subfield code="c">NPU</subfield><subfield code="d">NYS</subfield><subfield code="d">NYG</subfield><subfield code="d">NYS</subfield><subfield code="d">OCL</subfield><subfield code="d">OCLCQ</subfield><subfield code="d">OCLCF</subfield><subfield code="d">OCLCO</subfield></datafield><datafield ind1=" " ind2=" " tag="042"><subfield code="a">msc</subfield></datafield><datafield ind1=" " ind2=" " tag="043"><subfield code="a">n-us-ny</subfield></datafield><datafield ind1="0" ind2="0" tag="245"><subfield code="a">Fort Plain standard.</subfield></datafield><datafield ind1="3" ind2="0" tag="246"><subfield code="a">Standard</subfield></datafield><datafield ind1=" " ind2=" " tag="260"><subfield code="a">Fort Plain [N.Y.] :</subfield><subfield code="b">W.L. Palmer</subfield></datafield><datafield ind1=" " ind2=" " tag="300"><subfield code="a">v. :</subfield><subfield code="b">ill. ;</subfield><subfield code="c">60 cm.</subfield></datafield><datafield ind1=" " ind2=" " tag="310"><subfield code="a">Weekly,</subfield><subfield code="b">&lt;Oct. 10, 1888&gt;-Mar. 7, 1940</subfield></datafield><datafield ind1=" " ind2=" " tag="321"><subfield code="a">Weekly,</subfield><subfield code="b">&lt;Apr. 27, 1881-May 27, 1885&gt;</subfield></datafield><datafield ind1=" " ind2=" " tag="321"><subfield code="a">Semiweekly,</subfield><subfield code="b">&lt;Oct. 21, 1885-May 5, 1886&gt;</subfield></datafield><datafield ind1="0" ind2=" " tag="362"><subfield code="a">-64th year, no. 10 (Mar. 7, 1940).</subfield></datafield><datafield ind1=" " ind2=" " tag="500"><subfield code="a">"Republican." Cf. Ayer, 1982.</subfield></datafield><datafield ind1=" " ind2=" " tag="500"><subfield code="a">Publishers: W.L. Palmer, &lt;1881&gt;; M. Lynk, &lt;1882-1885&gt;; Willard Bros., &lt;1889&gt;; Willard &amp; Tower, -1892; George O'Connor, 1892; George O'Connor and W.W. O'Connor, 1892- ; George O'Connor and W.W. O'Connor, -1893; O'Connor Bros., 1893-1939; Donald Christie, 1939-1940.</subfield></datafield><datafield ind1=" " ind2=" " tag="500"><subfield code="a">Published as: Standard, &lt;Oct. 10, 1883-July 23, 1884&gt;.</subfield></datafield><datafield ind1=" " ind2=" " tag="588"><subfield code="a">Description based on: Vol. 5, no. 12 (Apr. 27, 1881).</subfield></datafield><datafield ind1=" " ind2="0" tag="651"><subfield code="a">Fort Plain (N.Y.)</subfield><subfield code="v">Newspapers.</subfield></datafield><datafield ind1=" " ind2="0" tag="651"><subfield code="a">Montgomery County (N.Y.)</subfield><subfield code="v">Newspapers.</subfield></datafield><datafield ind1=" " ind2="7" tag="655"><subfield code="a">Newspapers.</subfield><subfield code="2">fast</subfield><subfield code="0">(OCoLC)fst01423814</subfield></datafield><datafield ind1=" " ind2="7" tag="651"><subfield code="a">New York (State)</subfield><subfield code="z">Fort Plain.</subfield><subfield code="2">fast</subfield><subfield code="0">(OCoLC)fst01287915</subfield></datafield><datafield ind1=" " ind2="7" tag="651"><subfield code="a">New York (State)</subfield><subfield code="z">Montgomery County.</subfield><subfield code="2">fast</subfield><subfield code="0">(OCoLC)fst01208884</subfield></datafield><datafield ind1=" " ind2=" " tag="752"><subfield code="a">United States</subfield><subfield code="b">New York</subfield><subfield code="c">Montgomery</subfield><subfield code="d">Fort Plain.</subfield></datafield><datafield ind1="0" ind2="0" tag="780"><subfield code="t">County standard (Fort Plain, N.Y.)</subfield><subfield code="w">(DLC)sn 84031697</subfield></datafield><datafield ind1="0" ind2="7" tag="785"><subfield code="t">Fort Plain free press, Mohawk Valley register</subfield><subfield code="w">(DLC)sn 88075732</subfield><subfield code="w">(OCoLC)18248369</subfield></datafield><datafield ind1="0" ind2="7" tag="785"><subfield code="t">Fort Plain standard, Fort Plain free press, Mohawk Valley register</subfield><subfield code="w">(DLC)sn 88075733</subfield><subfield code="w">(OCoLC)18248443</subfield></datafield></record>